<record><leader>00000cas a22000007a 4500</leader><controlfield tag="001">11981548</controlfield><controlfield tag="008">850430d18771908njuwr ne      0    0eng d</controlfield><datafield ind1=" " ind2=" " tag="010"><subfield code="a">sn 85035631 </subfield></datafield><datafield ind1=" " ind2=" " tag="040"><subfield code="a">NPA</subfield><subfield code="b">eng</subfield><subfield code="c">NPA</subfield><subfield code="d">NJW</subfield><subfield code="d">NSD</subfield><subfield code="d">OCLCQ</subfield></datafield><datafield ind1=" " ind2=" " tag="042"><subfield code="a">msc</subfield></datafield><datafield ind1="0" ind2="0" tag="245"><subfield code="a">May's Landing record.</subfield></datafield><datafield ind1=" " ind2=" " tag="260"><subfield code="a">May's Landing, Atlantic Co., N.J. :</subfield><subfield code="b">E.C. Shaner</subfield></datafield><datafield ind1=" " ind2=" " tag="300"><subfield code="a">v. :</subfield><subfield code="b">ill. (chiefly advertisements) ;</subfield><subfield code="c">75 cm.</subfield></datafield><datafield ind1=" " ind2=" " tag="310"><subfield code="a">Weekly</subfield></datafield><datafield ind1="0" ind2=" " tag="362"><subfield code="a">Vol. 1, no. 1 (Nov. 20, 1877)-</subfield></datafield><datafield ind1="1" ind2=" " tag="362"><subfield code="a">Ceased in 1908?</subfield></datafield><datafield ind1=" " ind2=" " tag="752"><subfield code="a">United States</subfield><subfield code="b">New Jersey</subfield><subfield code="c">Atlantic</subfield><subfield code="d">May's Landing.</subfield></datafield><datafield ind1="0" ind2="0" tag="785"><subfield code="t">Atlantic County record</subfield><subfield code="x">1084-8061</subfield><subfield code="w">(DLC)sn 91064025</subfield><subfield code="w">(OCoLC)24222512</subfield></datafield></record>